@String{lncs = {Lecture Notes in Computer Science}}
@String{procecoop = {Proceedings of the European Conference on
    Object-Oriented Programming ({ECOOP})}}

@article{10.1145/2845915,
author = {Abadi, Daniel and Agrawal, Rakesh and Ailamaki, Anastasia and Balazinska, Magdalena and Bernstein, Philip A. and Carey, Michael J. and Chaudhuri, Surajit and Dean, Jeffrey and Doan, AnHai and Franklin, Michael J. and Gehrke, Johannes and Haas, Laura M. and Halevy, Alon Y. and Hellerstein, Joseph M. and Ioannidis, Yannis E. and Jagadish, H. V. and Kossmann, Donald and Madden, Samuel and Mehrotra, Sharad and Milo, Tova and Naughton, Jeffrey F. and Ramakrishnan, Raghu and Markl, Volker and Olston, Christopher and Ooi, Beng Chin and R\'{e}, Christopher and Suciu, Dan and Stonebraker, Michael and Walter, Todd and Widom, Jennifer},
title = {The {Beckman} Report on Database Research},
year = {2016},
issue_date = {February 2016},
publisher = {Association for Computing Machinery},
address = {New York, NY, USA},
volume = {59},
number = {2},
issn = {0001-0782},
url = {https://doi.org/10.1145/2845915},
doi = {10.1145/2845915},
abstract = {Database researchers paint big data as a defining challenge. To make the most of the enormous opportunities at hand will require focusing on five research areas.},
journal = {Commun. ACM},
month = {jan},
pages = {92–99},
numpages = {8}
}

@inproceedings{10.1145/1066157.1066283,
author = {Aumueller, David and Do, Hong-Hai and Massmann, Sabine and Rahm, Erhard},
title = {Schema and Ontology Matching with {COMA}++},
year = {2005},
isbn = {1595930604},
publisher = {Association for Computing Machinery},
address = {New York, NY, USA},
url = {https://doi.org/10.1145/1066157.1066283},
doi = {10.1145/1066157.1066283},
booktitle = {Proceedings of the 2005 ACM SIGMOD International Conference on Management of Data},
pages = {906–908},
numpages = {3},
location = {Baltimore, Maryland},
series = {SIGMOD '05}
}

@book{Baca2008,
  added-at = {2010-01-07T13:57:09.000+0100},
  address = {Los Angeles, CA},
  author = {Baca, Murtha},
  biburl = {https://www.bibsonomy.org/bibtex/280521d92c2928d1f082556f1dd917069/syslogd},
  date-added = {2009-08-17 11:40:57 +0200},
  date-modified = {2010-01-04 09:30:08 +0100},
  edition = 2,
  interhash = {eb18223be6353d4154f811aece621bf5},
  intrahash = {80521d92c2928d1f082556f1dd917069},
  keywords = {imported},
  publisher = {Getty Research Institute},
  timestamp = {2010-01-07T13:57:31.000+0100},
  title = {Introduction to metadata},
  year = 2008
}

@book{books/sp/bellahsene11,
  added-at = {2018-11-02T00:00:00.000+0100},
  biburl = {https://www.bibsonomy.org/bibtex/2daaa1c74354b00de6e79e77960aeceb9/dblp},
  booktitle = {Schema Matching and Mapping},
  editor = {Bellahsene, Zohra and Bonifati, Angela and Rahm, Erhard},
  ee = {https://doi.org/10.1007/978-3-642-16518-4},
  interhash = {26c1a1b0be3603f7be21d1eea4c4c521},
  intrahash = {daaa1c74354b00de6e79e77960aeceb9},
  isbn = {978-3-642-16518-4},
  keywords = {dblp},
  publisher = {Springer},
  series = {Data-Centric Systems and Applications},
  timestamp = {2018-11-03T12:44:59.000+0100},
  title = {Schema Matching and Mapping},
  url = {http://dblp.uni-trier.de/db/books/collections/Bellahsene2011.html},
  year = 2011
}

@inproceedings{conf/esws/EllefiBDT16,
  added-at = {2016-10-04T06:42:58.000+0200},
  author = {Ellefi, Mohamed Ben and Bellahsene, Zohra and Dietze, Stefan and Todorov, Konstantin},
  biburl = {https://www.bibsonomy.org/bibtex/22babcef3422f9d7c264b02428f44a9a8/dietze},
  booktitle = {ESWC},
  editor = {Sack, Harald and Blomqvist, Eva and d'Aquin, Mathieu and Ghidini, Chiara and Ponzetto, Simone Paolo and Lange, Christoph},
  ee = {http://dx.doi.org/10.1007/978-3-319-34129-3_3},
  interhash = {f388856697d3af64359520c0878ec822},
  intrahash = {2babcef3422f9d7c264b02428f44a9a8},
  isbn = {978-3-319-34128-6},
  keywords = {afel l3s myown sysrelevantforl3s},
  pages = {36-51},
  publisher = {Springer},
  series = {Lecture Notes in Computer Science},
  timestamp = {2017-11-30T13:32:02.000+0100},
  title = {Dataset Recommendation for Data Linking: An Intensional Approach.},
  url = {http://dblp.uni-trier.de/db/conf/esws/eswc2016.html\#EllefiBDT16},
  volume = 9678,
  year = 2016
}

@article{DBLP:journals/pvldb/ChanialDGLNM18,
  author    = {Camille Chanial and
               R{\'{e}}douane Dziri and
               Helena Galhardas and
               Julien Leblay and
               Minh{-}Huong Le Nguyen and
               Ioana Manolescu},
  title     = {ConnectionLens: Finding Connections Across Heterogeneous Data Sources},
  journal   = {Proc. {VLDB} Endow.},
  volume    = {11},
  number    = {12},
  pages     = {2030--2033},
  year      = {2018},
  url       = {http://www.vldb.org/pvldb/vol11/p2030-chanial.pdf},
  doi       = {10.14778/3229863.3236252},
  timestamp = {Mon, 26 Oct 2020 08:50:12 +0100},
  biburl    = {https://dblp.org/rec/journals/pvldb/ChanialDGLNM18.bib},
  bibsource = {dblp computer science bibliography, https://dblp.org}
}

@article{DBLP:journals/debu/ChenGHTD18,
  author    = {Chen Chen and
               Behzad Golshan and
               Alon Y. Halevy and
               Wang{-}Chiew Tan and
               AnHai Doan},
  title     = {BigGorilla: An Open-Source Ecosystem for Data Preparation and Integration},
  journal   = {{IEEE} Data Eng. Bull.},
  volume    = {41},
  number    = {2},
  pages     = {10--22},
  year      = {2018},
  url       = {http://sites.computer.org/debull/A18june/p10.pdf},
  timestamp = {Tue, 10 Mar 2020 16:23:49 +0100},
  biburl    = {https://dblp.org/rec/journals/debu/ChenGHTD18.bib},
  bibsource = {dblp computer science bibliography, https://dblp.org}
}

@inproceedings{DBLP:conf/sigmod/ChenMH09,
  author    = {Kuang Chen and
               Jayant Madhavan and
               Alon Y. Halevy},
  editor    = {Ugur {\c{C}}etintemel and
               Stanley B. Zdonik and
               Donald Kossmann and
               Nesime Tatbul},
  title     = {Exploring schema repositories with schemr},
  booktitle = {Proceedings of the {ACM} {SIGMOD} International Conference on Management
               of Data, {SIGMOD} 2009, Providence, Rhode Island, USA, June 29 - July
               2, 2009},
  pages     = {1095--1098},
  publisher = {{ACM}},
  year      = {2009},
  url       = {https://doi.org/10.1145/1559845.1559991},
  doi       = {10.1145/1559845.1559991},
  timestamp = {Thu, 11 Mar 2021 15:20:15 +0100},
  biburl    = {https://dblp.org/rec/conf/sigmod/ChenMH09.bib},
  bibsource = {dblp computer science bibliography, https://dblp.org}
}

@inproceedings{10.1145/3184558.3191601,
author = {Chen, Zhiyu and Jia, Haiyan and Heflin, Jeff and Davison, Brian D.},
title = {Generating Schema Labels through Dataset Content Analysis},
year = {2018},
isbn = {9781450356404},
publisher = {International World Wide Web Conferences Steering Committee},
address = {Republic and Canton of Geneva, CHE},
url = {https://doi.org/10.1145/3184558.3191601},
doi = {10.1145/3184558.3191601},
booktitle = {Companion Proceedings of the The Web Conference 2018},
pages = {1515–1522},
numpages = {8},
keywords = {data linking, text normalization},
location = {Lyon, France},
series = {WWW '18}
}

@article{10.14778/3021924.3021935,
author = {Chirigati, Fernando and Liu, Jialu and Korn, Flip and Wu, You (Will) and Yu, Cong and Zhang, Hao},
title = {Knowledge Exploration Using Tables on the Web},
year = {2016},
issue_date = {November 2016},
publisher = {VLDB Endowment},
volume = {10},
number = {3},
issn = {2150-8097},
url = {https://doi.org/10.14778/3021924.3021935},
doi = {10.14778/3021924.3021935},
journal = {Proc. VLDB Endow.},
month = {nov},
pages = {193–204},
numpages = {12}
}

@article{cruz2005role,
  title={The role of ontologies in data integration},
  author={Cruz, Isabel F and Xiao, Huiyong and others},
  journal={Engineering Intelligent Systems for Electrical Engineering and Communications},
  volume={13},
  number={4},
  pages={245},
  year={2005},
  publisher={Citeseer}
}

@inproceedings{10.1145/1951365.1951414,
author = {Sarma, Anish Das and Dong, Xin Luna and Halevy, Alon},
title = {Data Integration with Dependent Sources},
year = {2011},
isbn = {9781450305280},
publisher = {Association for Computing Machinery},
address = {New York, NY, USA},
url = {https://doi.org/10.1145/1951365.1951414},
doi = {10.1145/1951365.1951414},
booktitle = {Proceedings of the 14th International Conference on Extending Database Technology},
pages = {401–412},
numpages = {12},
keywords = {source dependencies, query answering, data integration},
location = {Uppsala, Sweden},
series = {EDBT/ICDT '11}
}

@inproceedings{ilprints851,
       booktitle = {ACM SIGMOD International Conference on Management of Data 2008 (SIGMOD 2008)    },
           title = {Bootstrapping Pay-As-You-Go Data Integration Systems},
          author = {Anish Das Sarma and Luna Dong and Alon Halevy},
            year = {2008},
         journal = {SIGMOD, 2008},
        keywords = {pay-as-you-go data integration},
             url = {http://ilpubs.stanford.edu:8090/851/},
}

@inproceedings{Diego2018Machine,
author = {Uña, Diego and Rümmele, Nataliia and Gange, Graeme and Schachte, Peter and Stuckey, Peter},
year = {2018},
month = {July},
pages = {1277-1283},
title = {Machine Learning and Constraint Programming for Relational-To-Ontology Schema Mapping},
booktitle={Proceedings of the Twenty-Seventh International Joint Conference on Artificial Intelligence},
doi = {10.24963/ijcai.2018/178}
}

@inproceedings{Doan2001Reconciling,
author = {Doan, AnHai and Domingos, Pedro and Halevy, Alon},
year = {2001},
month = {May},
pages = {509-520},
title = {Reconciling schemas of disparate data sources: A machine-learning approach},
booktitle={Proceedings of the ACM SIGMOD International Conference on
Management of Data, SIGMOD 2001},
doi = {10.1145/375663.375731}
}

@article{Dong2012Proceedings,
author = {Dong, Xin and Saha, Barna and Srivastava, Divesh},
year = {2012},
month = {December},
pages = {37-48},
title = {Less is more},
volume = {6},
journal = {Proceedings of the VLDB Endowment},
doi = {10.14778/2535568.2448938}
}

@inproceedings{Duchateau2009YAM,
author = {Duchateau, Fabien and Coletta, Remi and Bellahsene, Zohra and Miller, Renée},
year = {2009},
booktitle={CIKM '09: Proceedings of the 18th ACM Conference on Information and Knowledge Management},
pages = {279--280},
title = {YAM: a schema matcher factory},
doi = {10.1145/1645953.1646311}
}

@inproceedings{Ehrig2004QOM,
author = {Ehrig, Marc and Staab, Steffen},
year = {2004},
month = {January},
pages = {356-361},
title = {{QOM} – Quick ontology mapping},
volume = {3298},
booktitle={International Semantic Web Conference},
isbn = {978-3-540-23798-3},
doi = {10.1007/978-3-540-30475-3_47}
}

@article{Fellbaum1998Computers,
author = {Fellbaum, Christiane},
year = {1998},
month = {March},
pages = {209-220},
title = {A Semantic Network of English: The Mother of All WordNets},
volume = {32},
isbn = {978-90-481-5120-2},
journal = {Computers and the Humanities},
doi = {10.1023/A:1001181927857}
}

@article{Feltner2023Metadata,
author = {Feltner-Reichert, Melanie and Garrett, Marie and Phillips, Linda},
year = {2023},
month = {January},
pages = {},
title = {Metadata Plus: How Libraries Assure Discovery of Locally Created Content},
journal = {Linda L. Phillips}
}

@inproceedings{Giunchiglia2005Semantic,
author = {Giunchiglia, Fausto and Shvaiko, Pavel and Yatskevich, Mikalai},
year = {2005},
month = {October},
pages = {},
title = {Semantic Schema Matching},
isbn = {978-3-540-29736-9},
booktitle = {Proceedings of CoopIS 2005},
doi = {10.1007/11575771_23}
}

@article{Halevy2005Why,
author = {Halevy, Alon},
year = {2005},
month = {October},
pages = {50--58},
title = {Why Your Data Won't Mix: Semantic Heterogeneity},
volume = {3},
journal = {ACM Queue},
doi = {10.1145/1103822.1103836}
}

@inproceedings{Benjamin2019Interactive,
author = {Hättasch, Benjamin and Meyer, Christian and Binnig, Carsten},
year = {2019},
month = {July},
pages = {1-4},
title = {Interactive Summarization of Large Document Collections},
isbn = {978-1-4503-6791-2},
booktitle= {{HILDA'19}: Proceedings of the Workshop on Human-In-the-Loop Data Analytics},
doi = {10.1145/3328519.3329129}
}

@inproceedings{kipf2017semisupervised,
title={Semi-Supervised Classification with Graph Convolutional Networks},
author={Thomas N. Kipf and Max Welling},
booktitle={International Conference on Learning Representations},
year={2017},
url={https://openreview.net/forum?id=SJU4ayYgl}
}

@inproceedings{Lenzerini2002Data,
author = {Lenzerini, Maurizio},
year = {2002},
month = {June},
pages = {233-246},
title = {Data Integration: A Theoretical Perspective},
booktitle = {Proceedings of the ACM SIGACT-SIGMOD-SIGART Symposium on Principles of Database Systems},
doi = {10.1145/543613.543644}
}

@inproceedings{Levy1996Querying,
author = {Levy, Alon and Rajaraman, Anand and Ordille, Joann},
year = {1996},
pages = {251--262},
title = {Querying Heterogeneous Information Sources Using Source Descriptions},
booktitle = {VLDB}
}

@inproceedings{10.1145/2396761.2398468,
author = {Li, Tianyu and Chubak, Pirooz and Lakshmanan, Laks V.S. and Pottinger, Rachel},
title = {Efficient Extraction of Ontologies from Domain Specific Text Corpora},
year = {2012},
isbn = {9781450311564},
publisher = {Association for Computing Machinery},
address = {New York, NY, USA},
url = {https://doi.org/10.1145/2396761.2398468},
doi = {10.1145/2396761.2398468},
pages = {1537–1541},
numpages = {5},
keywords = {ontology extraction, ontologies},
location = {Maui, Hawaii, USA},
booktitle = {CIKM '12}
}

@article{LI200049,
title = {SEMINT: A tool for identifying attribute correspondences in heterogeneous databases using neural networks},
journal = {Data \& Knowledge Engineering},
volume = {33},
number = {1},
pages = {49-84},
year = {2000},
issn = {0169-023X},
doi = {https://doi.org/10.1016/S0169-023X(99)00044-0},
url = {https://www.sciencedirect.com/science/article/pii/S0169023X99000440},
author = {Wen-Syan Li and Chris Clifton},
keywords = {Heterogeneous databases, Database integration, Attribute correspondence identification, Neural networks},
}

@inproceedings{loper-bird-2002-nltk,
    title = "{NLTK}: The Natural Language Toolkit",
    author = "Loper, Edward  and
      Bird, Steven",
    booktitle = "Proceedings of the {ACL}-02 Workshop on Effective Tools and Methodologies for Teaching Natural Language Processing and Computational Linguistics",
    month = jul,
    year = "2002",
    address = "Philadelphia, Pennsylvania, USA",
    publisher = "Association for Computational Linguistics",
    url = "https://aclanthology.org/W02-0109",
    doi = "10.3115/1118108.1118117",
    pages = "63--70",
}


@inproceedings{mikolov-etal-2018-advances,
    title = "Advances in Pre-Training Distributed Word Representations",
    author = "Mikolov, Tomas  and
      Grave, Edouard  and
      Bojanowski, Piotr  and
      Puhrsch, Christian  and
      Joulin, Armand",
    booktitle = "Proceedings of the Eleventh International Conference on Language Resources and Evaluation ({LREC} 2018)",
    month = may,
    year = "2018",
    address = "Miyazaki, Japan",
    publisher = "European Language Resources Association (ELRA)",
    url = "https://aclanthology.org/L18-1008",
}


@article{Miller2018MakingOD,
  title={Making Open Data Transparent: Data Discovery on Open Data},
  author={Ren{\'e}e J. Miller and Fatemeh Nargesian and Erkang Zhu and Christina Christodoulakis and Ken Q. Pu and Periklis Andritsos},
  journal={IEEE Data Eng. Bull.},
  year={2018},
  volume={41},
  pages={59-70}
}

@article{10.14778/3229863.3240491,
author = {Miller, Ren\'{e}e J.},
title = {Open Data Integration},
year = {2018},
issue_date = {August 2018},
publisher = {VLDB Endowment},
volume = {11},
number = {12},
issn = {2150-8097},
url = {https://doi.org/10.14778/3229863.3240491},
doi = {10.14778/3229863.3240491},
journal = {Proc. VLDB Endow.},
month = {August},
pages = {2130–2139},
numpages = {10}
}

@article{Moawed2018Arabian,
author = {Moawed, Seham and Algergawy, Alsayed and Sarhan, Amany and Eldosouky, Ali},
year = {2018},
month = {July},
pages = {1-19},
title = {A Framework for Efficient Matching of Large-Scale Metadata Models},
volume = {44},
journal = {Arabian Journal for Science and Engineering},
doi = {10.1007/s13369-018-3443-4}
}

@inproceedings{Mudgal2018Deep,
author = {Mudgal, Sidharth and Li, Han and Rekatsinas, Theodoros and Doan, AnHai and Park, Youngchoon and Krishnan, Ganesh and Deep, Rohit and Arcaute, Esteban and Raghavendra, Vijay},
year = {2018},
month = {May},
pages = {19-34},
title = {Deep Learning for Entity Matching: A Design Space Exploration},
isbn = {978-1-4503-4703-7},
booktitle = {SIGMOD '18: Proceedings of the 2018 International Conference on Management of Data},
doi = {10.1145/3183713.3196926}
}

@article{Nargesian2018Table,
author = {Nargesian, Fatemeh and Zhu, Erkang and Pu, Ken and Miller, Renée},
year = {2018},
month = {March},
pages = {813-825},
title = {Table union search on open data},
volume = {11},
journal = {Proceedings of the VLDB Endowment},
doi = {10.14778/3192965.3192973}
}

@article{Park2015Evaluation,
author = {Park, Jung-ran and Brenza, Andrew},
year = {2015},
month = {September},
pages = {22-42},
title = {Evaluation of Semi-Automatic Metadata Generation Tools: A Survey of the Current State of the Art},
volume = {34},
journal = {Information Technology and Libraries},
doi = {10.6017/ital.v34i3.5889}
}

@inproceedings{Pham2016Semantic,
author = {Pham, Minh and Alse, Suresh and Knoblock, Craig and Szekely, Pedro},
year = {2016},
month = {October},
pages = {446-462},
title = {Semantic Labeling: A Domain-Independent Approach},
isbn = {978-3-319-46522-7},
doi = {10.1007/978-3-319-46523-4_27},
booktitle={International Semantic Web Conference}
}

@inproceedings{Pottinger2008Schema,
author = {Pottinger, Rachel and Bernstein, Philip},
year = {2008},
month = {March},
pages = {73-84},
booktitle={Proceedings of the Conference on Extending Database Technology {(EDBT)}},
title = {Schema merging and mapping creation for relational sources},
doi = {10.1145/1353343.1353357}
}


@inproceedings{Rahm2016Case,
author = {Rahm, Erhard},
year = {2016},
month = {August},
pages = {},
title = {The Case for Holistic Data Integration},
isbn = {978-3-319-44038-5},
booktitle={East European Conference on Advances in Databases and Information Systems {(ADBIS)}},
doi = {10.1007/978-3-319-44039-2_2}
}



@inproceedings{Resnik1970Using,
author = {Resnik, Philip},
year = {1970},
month = {February},
pages = {},
title = {Using Information Content to Evaluate Semantic Similarity in a Taxonomy},
volume = {95},
booktitle = {IJCAI}
}

@article{Salakhutdinov2009Semantic,
author = {Salakhutdinov, Ruslan and Hinton, Geoffrey},
year = {2009},
month = {July},
pages = {969-978},
title = {Semantic hashing},
volume = {50},
journal = {Int. J. Approx. Reasoning},
doi = {10.1016/j.ijar.2008.11.006}
}

@inproceedings{Smith2011Unity,
author = {Smith, Kenneth and Mork, Peter and Seligman, Len and Leveille, Peter and Yost, Beth and Li, Maya and Profiler, Private},
year = {2011},
month = {August},
pages = {129-135},
title = {Unity: Speeding the creation of community vocabularies for information integration and reuse},
booktitle={2011 IEEE International Conference on Information Reuse \& Integration},
doi = {10.1109/IRI.2011.6009534}
}

@inproceedings{Song2018GeoFlux,
author = {Song, Jie and Koutra, Danai and Mani, Murali and Jagadish, H.},
year = {2018},
month = {May},
pages = {1797-1800},
title = {GeoFlux: Hands-Off Data Integration Leveraging Join Key Knowledge},
isbn = {978-1-4503-4703-7},
booktitle = {SIGMOD '18: Proceedings of the 2018 International Conference on Management of Data},
doi = {10.1145/3183713.3193546}
}

@inproceedings{Sorrentino2011NORMS,
author = {Sorrentino, Serena and Bergamaschi, Sonia and Gawinecki, Maciej},
year = {2011},
month = {April},
pages = {1344-1347},
title = {NORMS: An automatic tool to perform schema label normalization},
booktitle={2011 IEEE 27th International Conference on Data Engineering},
doi = {10.1109/ICDE.2011.5767952}
}

@article{Wilkinson2016FAIR,
author = {Wilkinson, Mark and Dumontier, Michel and Aalbersberg, IJsbrand Jan and Appleton, Gaby and Axton, Myles and Baak, Arie and Blomberg, Niklas and Boiten, Jan-Willem and Bonino da Silva Santos, Luiz Olavo and Bourne, Philip and Bouwman, Jildau and Brookes, Anthony and Clark, Tim and Crosas, Merce and Dillo, Ingrid and Dumon, Olivier and Edmunds, Scott and Evelo, Chris and Finkers, Richard and Mons, Barend},
year = {2016},
month = {March},
pages = {},
title = {The FAIR Guiding Principles for scientific data management and stewardship},
volume = {3},
journal = {Scientific Data},
doi = {10.1038/sdata.2016.18}
}

@inproceedings{10.1145/3183713.3183729,
author = {Wu, Sen and Hsiao, Luke and Cheng, Xiao and Hancock, Braden and Rekatsinas, Theodoros and Levis, Philip and R\'{e}, Christopher},
title = {Fonduer: Knowledge Base Construction from Richly Formatted Data},
year = {2018},
isbn = {9781450347037},
publisher = {Association for Computing Machinery},
address = {New York, NY, USA},
url = {https://doi.org/10.1145/3183713.3183729},
doi = {10.1145/3183713.3183729},
pages = {1301–1316},
numpages = {16},
keywords = {knowledge base construction, richly formatted data, multimodal supervision, weak supervision},
location = {Houston, TX, USA},
booktitle = {SIGMOD '18}
}

@inproceedings{Yu2006Schema,
author = {Yu, Cong and Jagadish, H.},
year = {2006},
month = {September},
pages = {319-330},
title = {Schema Summarization.},
booktitle = {VLDB 2006 - Proceedings of the 32nd International Conference on Very Large Data Bases}
}

@book{Zhang2018Managing,
author = {Zhang, Wei Emma and Sheng, Quan},
year = {2018},
month = {January},
pages = {},
title = {Managing Data From Knowledge Bases: Querying and Extraction},
isbn = {978-3-319-94934-5},
publisher={Springer},
doi = {10.1007/978-3-319-94935-2}
}

@inproceedings{10.1145/3299869.3300065,
author = {Zhu, Erkang and Deng, Dong and Nargesian, Fatemeh and Miller, Ren\'{e}e J.},
title = {JOSIE: Overlap Set Similarity Search for Finding Joinable Tables in Data Lakes},
year = {2019},
isbn = {9781450356435},
publisher = {Association for Computing Machinery},
address = {New York, NY, USA},
url = {https://doi.org/10.1145/3299869.3300065},
doi = {10.1145/3299869.3300065},
booktitle = {Proceedings of the 2019 International Conference on Management of Data},
pages = {847–864},
numpages = {18},
keywords = {data discovery, data lakes, joinable table search, set similarity search},
location = {Amsterdam, Netherlands},
series = {SIGMOD '19}
}

@article{10.14778/2994509.2994534,
author = {Zhu, Erkang and Nargesian, Fatemeh and Pu, Ken Q. and Miller, Ren\'{e}e J.},
title = {LSH Ensemble: Internet-Scale Domain Search},
year = {2016},
issue_date = {August 2016},
publisher = {VLDB Endowment},
volume = {9},
number = {12},
issn = {2150-8097},
url = {https://doi.org/10.14778/2994509.2994534},
doi = {10.14778/2994509.2994534},
journal = {Proc. VLDB Endow.},
month = {aug},
pages = {1185–1196},
numpages = {12}
}

@inproceedings{Zolaktaf2012Modeling,
author = {Zolaktaf, Zainab and Riahi, Fatemeh and Shafiei, Mahdi and Milios, Evangelos},
year = {2012},
month = {May},
pages = {},
  booktitle={Proceedings of the Workshop on Computational Social Science and the Wisdom of Crowds at NIPS},
title = {Modeling Community Question-Answering Archives}
}








@Book{lamport-1994-ladps,
    author =	{Lamport, Leslie},
    title =	{\LaTeX: A Document Preparation System},
    booktitle =	{\LaTeX: A Document Preparation System},
    year =	1994,
    edition =	2,
    publisher =	{Addison-Wesley},
    isbn =	0201529831,
}

@Book{bringhurst-2002-teots,
    author =	{Bringhurst, Robert},
    title =	{The Elements of Typographic Style},
    booktitle =	{The Elements of Typographic Style},
    year =	2002,
    edition =	{2.5},
    publisher =	{Hartley \& Marks},
    isbn =	0881791326,
}

@InProceedings{kiczales-1997-aop,
    author =    {Kiczales, Gregor and Lamping, John and
		    Mendhekar, Anurag and Maeda, Chris and
		    Lopes, Cristina and Loingtier, Jean-Marc
		    and Irwin, John},
    title =     {Aspect-Oriented Programming},
    booktitle = procecoop,
    year =	1997,
    series =    lncs,
    volume =    2591,
    pages =     {220--242},
    keywords =  {aop, aspect-oriented programming},
    online =	{http://www.parc.xerox.com/csl/groups/sda/pubs/papers/Kiczales-ECOOP97/for-web.pdf},
}

@Book{rowling-1997-hpps,
    author =	{Rowling, Joanna K.},
    title =	{Harry Potter and the Philospher's Stone},
    year =	1997,
    publisher =	{Bloomsbury},
    isbn =	0747532699,
}


@article{Rahm2001Survey,
  title={A survey of approaches to automatic schema matching},
  author={Rahm, Erhard and Bernstein, Philip A},
  journal={The VLDB Journal},
  volume={10},
  pages={334--350},
  year={2001},
  publisher={Springer},
  doi = {10.1007/s007780100057}
}

@inproceedings{lesk1986automatic,
  title={Automatic sense disambiguation using machine readable dictionaries: how to tell a pine cone from an ice cream cone},
  author={Lesk, Michael},
  booktitle={Proceedings of the 5th Annual International Conference on Systems Documentation},
  pages={24--26},
  year={1986}
}